@inproceedings{Liu_2014,
  doi = {10.1145/2593069.2593109},
  url = {http://dx.doi.org/10.1145/2593069.2593109},
  year = {2014},
  publisher = {Association for Computing Machinery ({ACM})},
  author = {Wei Liu and Jian-Jia Chen and Anas Toma and Tei-Wei Kuo and Qingxu Deng},
  title = {{Computation Offloading by Using Timing Unreliable Components in Real-Time Systems}},
  booktitle = {Proceedings of the The 51st Annual Design Automation Conference on Design Automation Conference - {DAC} {\textquotesingle}14},
}
