@inproceedings{DBLP:conf/rtas/StiggeEGY11,
  author    = {Martin Stigge and
               Pontus Ekberg and
               Nan Guan and
               Wang Yi},
  title     = {The Digraph Real-Time Task Model},
  booktitle = {IEEE Real-Time and Embedded Technology and Applications
               Symposium},
  year      = {2011},
  pages     = {71-80},
  ee        = {http://dx.doi.org/10.1109/RTAS.2011.15},
  crossref  = {DBLP:conf/rtas/2011},
  bibsource = {DBLP, http://dblp.uni-trier.de}
}
@article{bini2009response,
  title={A response-time bound in fixed-priority scheduling with arbitrary deadlines},
  author={Bini, Enrico and Nguyen, Thi Huyen Ch{\^a}u and Richard, Pascal and Baruah, Sanjoy K},
  journal={IEEE Transactions on Computers},
  volume={58},
  number={2},
  pages={279},
  year={2009}
}
@article{audsley1993applying,
  title={Applying new scheduling theory to static priority pre-emptive scheduling},
  author={Audsley, Neil and Burns, Alan and Richardson, Mike and Tindell, Ken and Wellings, Andy J},
  journal={Software Engineering Journal},
  volume={8},
  number={5},
  pages={284--292},
  year={1993},
  publisher={IET}
}
@article{joseph1986finding,
  title={Finding response times in a real-time system},
  author={Joseph, Mathai and Pandya, P},
  journal={The Computer Journal},
  volume={29},
  number={5},
  pages={390--395},
  year={1986},
  publisher={Br Computer Soc}
}
@inproceedings{sjodin1998improved,
  title={Improved response-time analysis calculations},
  author={Sjodin, Mikael and Hansson, Hans},
  booktitle={Real-Time Systems Symposium, 1998. Proceedings., The 19th IEEE},
  pages={399--408},
  year={1998},
  organization={IEEE}
}
@article{DBLP:journals/tii/SchranzhoferCT10,
  author    = {Andreas Schranzhofer and
               Jian-Jia Chen and
               Lothar Thiele},
  title     = {Dynamic Power-Aware Mapping of Applications onto Heterogeneous
               MPSoC Platforms},
  journal   = {IEEE Trans. Industrial Informatics},
  volume    = {6},
  number    = {4},
  year      = {2010},
  pages     = {692-707},
  ee        = {http://dx.doi.org/10.1109/TII.2010.2062192},
  bibsource = {DBLP, http://dblp.uni-trier.de}
}
@inproceedings{DBLP:conf/rtss/BaruahMR90,
  author    = {Sanjoy K. Baruah and
               Aloysius K. Mok and
               Louis E. Rosier},
  title     = {Preemptively Scheduling Hard-Real-Time Sporadic Tasks on
               One Processor},
  booktitle = {IEEE Real-Time Systems Symposium},
  year      = {1990},
  pages     = {182-190},
  bibsource = {DBLP, http://dblp.uni-trier.de}
}
@inproceedings{baruah2009implementation,
  title={Implementation of a speedup-optimal global EDF schedulability test},
  author={Baruah, Sanjoy and Bonifaci, Vincenzo and Marchetti-Spaccamela, Alberto and Stiller, Sebastian},
  booktitle={Real-Time Systems, 2009. ECRTS'09. 21st Euromicro Conference on},
  pages={259--268},
  year={2009},
  organization={IEEE}
}
@inproceedings{baker2003multiprocessor,
  title={Multiprocessor EDF and deadline monotonic schedulability analysis},
  author={Baker, Theodore P},
  booktitle={2013 IEEE 34th Real-Time Systems Symposium},
  pages={120--120},
  year={2003},
  organization={IEEE Computer Society}
}
@article{DBLP:journals/ipl/ChettoC89,
  author    = {Houssine Chetto and
               Maryline Silly-Chetto},
  title     = {Scheduling Periodic and Sporadic Tasks in a Real-Time System},
  journal   = {Inf. Process. Lett.},
  volume    = {30},
  number    = {4},
  year      = {1989},
  pages     = {177-184},
}

@techreport{Mok:1983:FDP:888951,
 author = {Mok, A. K.},
 title = {FUNDAMENTAL DESIGN PROBLEMS OF DISTRIBUTED SYSTEMS FOR THE HARD-REAL-TIME ENVIRONMENT},
 year = {1983},
 source = {http://www.ncstrl.org:8900/ncstrl/servlet/search?formname=detail\&id=oai%3Ancstrlh%3Amitai%3AMIT-LCS%2F%2FMIT%2FLCS%2FTR-297},
 publisher = {Massachusetts Institute of Technology},
 address = {Cambridge, MA, USA},
} 

@article{Wilhelm:2008:WEP:1347375.1347389,
 author = {Wilhelm, Reinhard and Engblom, Jakob and Ermedahl, Andreas and Holsti, Niklas and Thesing, Stephan and Whalley, David and Bernat, Guillem and Ferdinand, Christian and Heckmann, Reinhold and Mitra, Tulika and Mueller, Frank and Puaut, Isabelle and Puschner, Peter and Staschulat, Jan and Stenstr\"{o}m, Per},
 title = {The worst-case execution-time problem-overview of methods and survey of tools},
 journal = {ACM Trans. Embed. Comput. Syst.},
 issue_date = {April 2008},
 volume = {7},
 number = {3},
 month = may,
 year = {2008},
 issn = {1539-9087},
 pages = {36:1--36:53},
 articleno = {36},
 numpages = {53},
} 

@article{DBLP:journals/pe/LeungW82,
  author    = {Joseph Y.-T. Leung and
               Jennifer Whitehead},
  title     = {On the complexity of fixed-priority scheduling of periodic,
               real-time tasks},
  journal   = {Perform. Eval.},
  volume    = {2},
  number    = {4},
  year      = {1982},
  pages     = {237-250},
  ee        = {http://dx.doi.org/10.1016/0166-5316(82)90024-4},
  bibsource = {DBLP, http://dblp.uni-trier.de}
}
@article{davis2007controller,
  title={Controller Area Network (CAN) schedulability analysis: Refuted, revisited and revised},
  author={Davis, Robert I and Burns, Alan and Bril, Reinder J and Lukkien, Johan J},
  journal={Real-Time Systems},
  volume={35},
  number={3},
  pages={239--272},
  year={2007},
  publisher={Springer} 
}
@inproceedings{DBLP:conf/ecrts/ChenC12,
  author    = {Jian-Jia Chen and
               Samarjit Chakraborty},
  title     = {Partitioned Packing and Scheduling for Sporadic Real-Time
               Tasks in Identical Multiprocessor Systems},
  booktitle = {ECRTS},
  year      = {2012},
  pages     = {24-33},
  ee        = {http://doi.ieeecomputersociety.org/10.1109/ECRTS.2012.43},
  crossref  = {DBLP:conf/ecrts/2012},
  bibsource = {DBLP, http://dblp.uni-trier.de}
}
@inproceedings{abdelzaher2001schedulability,
  title={Schedulability analysis and utilization bounds for highly scalable real-time services},
  author={Abdelzaher, Tarek F and Lu, Chenyang},
  booktitle={Real-Time Technology and Applications Symposium, 2001. Proceedings. Seventh IEEE},
  pages={15--25},
  year={2001},
  organization={IEEE}
}
@article{hu1994codesign,
  title={Codesign of architectures for automotive powertrain modules},
  author={Hu, Xiaobo and D'Ambrosio, Joseph G and Murray, Brian T and Tang, Dah-Lain},
  journal={Micro, IEEE},
  volume={14},
  number={4},
  pages={17--25},
  year={1994},
  publisher={IEEE}
}
@inproceedings{buttazzo2014rate,
  title={Rate-adaptive tasks: Model, analysis, and design issues},
  author={Buttazzo, Giorgio C and Bini, Enrico and Buttle, Darren},
  booktitle={Design, Automation and Test in Europe Conference and Exhibition (DATE), 2014},
  pages={1--6},
  year={2014},
  organization={IEEE}
}
@inproceedings{Chakraborty2011a,
  author    = {Jian-Jia Chen and
               Samarjit Chakraborty},
  title     = {Resource Augmentation Bounds for Approximate Demand Bound
               Functions},
  booktitle = {RTSS},
  year      = {2011},
  pages     = {272-281},
  ee        = {http://doi.ieeecomputersociety.org/10.1109/RTSS.2011.32},
  crossref  = {DBLP:conf/rtss/2011},
  bibsource = {DBLP, http://dblp.uni-trier.de}
}
@inproceedings{tindell1992mode,
  title={Mode changes in priority preemptively scheduled systems},
  author={Tindell, Ken W and Burns, Alan and Wellings, Andy J},
  booktitle={Real-Time Systems Symposium, 1992},
  pages={100--109},
  year={1992},
  organization={IEEE}
}
@inproceedings{stigge2011digraph,
  title={The digraph real-time task model},
  author={Stigge, Martin and Ekberg, Pontus and Guan, Nan and Yi, Wang},
  booktitle={Real-Time and Embedded Technology and Applications Symposium (RTAS), 2011 17th IEEE},
  pages={71--80},
  year={2011},
  organization={IEEE}
}
@article{bini2009response,
  title={A response-time bound in fixed-priority scheduling with arbitrary deadlines},
  author={Bini, Enrico and Nguyen, Thi Huyen Ch{\^a}u and Richard, Pascal and Baruah, Sanjoy K},
  journal={IEEE Transactions on Computers},
  volume={58},
  number={2},
  pages={279},
  year={2009}
}
@ARTICLE{Symta/S05,
author={Henia, R. and Hamann, A. and Jersak, M. and Racu, R. and Richter, K. and Ernst, R.},
journal={Computers and Digital Techniques, IEE Proceedings -},
title={System level performance analysis - the SymTA/S approach},
year={2005},
volume={152},
number={2},
pages={148-166},
doi={10.1049/ip-cdt:20045088},
ISSN={1350-2387},}

@inproceedings{howard201048,
  title={A 48-core IA-32 message-passing processor with DVFS in 45nm CMOS},
  author={Howard, Jason and Dighe, Saurabh and Hoskote, Yatin and Vangal, Sriram and Finan, David and Ruhl, Gregory and Jenkins, David and Wilson, Howard and Borkar, Nitin and Schrom, Gerhard and others},
  booktitle={Solid-State Circuits Conference Digest of Technical Papers (ISSCC), 2010 IEEE International},
  pages={108--109},
  year={2010},
  organization={IEEE}
}
@article{devillers2000liu,
  title={Liu and Layland's schedulability test revisited},
  author={Devillers, Raymond and Goossens, Jo{\"e}l},
  journal={Information Processing Letters},
  volume={73},
  number={5},
  pages={157--161},
  year={2000},
  publisher={Elsevier}
}
@article{liu1973scheduling,
  title={Scheduling algorithms for multiprogramming in a hard-real-time environment},
  author={Liu, Chung Laung and Layland, James W},
  journal={Journal of the ACM (JACM)},
  volume={20},
  number={1},
  pages={46--61},
  year={1973},
  publisher={ACM}
}
@article{dertouzos1989multiprocessor,
  title={Multiprocessor online scheduling of hard-real-time tasks},
  author={Dertouzos, Michael L. and Mok, Aloysius K.},
  journal={Software Engineering, IEEE Transactions on},
  volume={15},
  number={12},
  pages={1497--1506},
  year={1989},
  publisher={IEEE}
}
@inproceedings{andersson2001static,
  title={Static-priority scheduling on multiprocessors},
  author={Andersson, Bj{\"o}rn and Baruah, Sanjoy and Jonsson, Jan},
  booktitle={Real-Time Systems Symposium, 2001.(RTSS 2001). Proceedings. 22nd IEEE},
  pages={193--202},
  year={2001},
  organization={IEEE}
}
@inproceedings{baker2005comparison,
  title={A comparison of global and partitioned EDF schedulability tests for multiprocessors},
  author={Baker, Theodore P},
  booktitle={In International Conf. on Real-Time and Network Systems},
  year={2005},
  organization={Citeseer}
}
@article{davis2011survey,
  title={A survey of hard real-time scheduling for multiprocessor systems},
  author={Davis, Robert I and Burns, Alan},
  journal={ACM Computing Surveys (CSUR)},
  volume={43},
  number={4},
  pages={35},
  year={2011},
  publisher={ACM}
}
@article{goossens2003priority,
  title={Priority-driven scheduling of periodic task systems on multiprocessors},
  author={Goossens, Jo{\"e}l and Funk, Shelby and Baruah, Sanjoy},
  journal={Real-Time Systems},
  volume={25},
  number={2-3},
  pages={187--205},
  year={2003},
  publisher={Springer}
}
@inproceedings{lopez2000worst,
  title={Worst-case utilization bound for EDF scheduling on real-time multiprocessor systems},
  author={L{\'o}pez, Jose Maria and Garc{\'\i}a, Manuel and Diaz, Jos{\'e} Luis and Garcia, Daniel F},
  booktitle={Real-Time Systems, 2000. Euromicro RTS 2000. 12th Euromicro Conference on},
  pages={25--33},
  year={2000},
  organization={IEEE}
}
@inproceedings{jeffay1993accounting,
  title={Accounting for interrupt handling costs in dynamic priority task systems},
  author={Jeffay, Kevin and Stone, D},
  booktitle={Real-Time Systems Symposium, 1993., Proceedings.},
  pages={212--221},
  year={1993},
  organization={IEEE}
}
@inproceedings{sandstrom1998handling,
  title={Handling interrupts with static scheduling in an automotive vehicle control system},
  author={Sandstrom, Kristian and Eriksson, Christer and Fohler, Gerhard},
  booktitle={Real-Time Computing Systems and Applications, 1998. Proceedings. Fifth International Conference on},
  pages={158--165},
  year={1998},
  organization={IEEE}
}
@inproceedings{zhang2006process,
  title={Process-aware interrupt scheduling and accounting},
  author={Zhang, Yuting and West, Richard},
  booktitle={Real-Time Systems Symposium, 2006. RTSS'06. 27th IEEE International},
  pages={191--201},
  year={2006},
  organization={IEEE}
}
@article{sprunt1989aperiodic,
  title={Aperiodic task scheduling for hard-real-time systems},
  author={Sprunt, Brinkley and Sha, Lui and Lehoczky, John},
  journal={Real-Time Systems},
  volume={1},
  number={1},
  pages={27--60},
  year={1989},
  publisher={Springer}
}
@inproceedings{spuri1994efficient,
  title={Efficient aperiodic service under earliest deadline scheduling},
  author={Spuri, Marco and Buttazzo, Giorgio C},
  booktitle={Real-Time Systems Symposium, 1994., Proceedings.},
  pages={2--11},
  year={1994},
  organization={IEEE}
}
@inproceedings{lehoczky1992optimal,
  title={An optimal algorithm for scheduling soft-aperiodic tasks in fixed-priority preemptive systems},
  author={Lehoczky, John P and Ramos-Thuel, Sandra},
  booktitle={Real-Time Systems Symposium, 1992},
  pages={110--123},
  year={1992},
  organization={IEEE}
}
@article{brandenburg2011overview,
  title={An overview of interrupt accounting techniques for multiprocessor real-time systems},
  author={Brandenburg, Bj{\"o}rn B and Leontyev, Hennadiy and Anderson, James H},
  journal={Journal of Systems Architecture},
  volume={57},
  number={6},
  pages={638--654},
  year={2011},
  publisher={Elsevier}
}
@article{lopez2004utilization,
  title={Utilization bounds for EDF scheduling on real-time multiprocessor systems},
  author={L{\'o}pez, Jos{\'e} Mar{\'\i}a and D{\'\i}az, Jos{\'e} Luis and Garc{\'\i}a, Daniel F},
  journal={Real-Time Systems},
  volume={28},
  number={1},
  pages={39--68},
  year={2004},
  publisher={Springer}
}
@inproceedings{lopez2000worst,
  title={Worst-case utilization bound for EDF scheduling on real-time multiprocessor systems},
  author={L{\'o}pez, Jose Maria and Garc{\'\i}a, Manuel and Diaz, Jos{\'e} Luis and Garcia, Daniel F},
  booktitle={Real-Time Systems, 2000. Euromicro RTS 2000. 12th Euromicro Conference on},
  pages={25--33},
  year={2000},
  organization={IEEE}
}
@inproceedings{baruah2005partitioned,
  title={The partitioned multiprocessor scheduling of sporadic task systems},
  author={Baruah, Sanjoy and Fisher, Nathan},
  booktitle={Real-Time Systems Symposium, 2005. RTSS 2005. 26th IEEE International},
  pages={9--pp},
  year={2005},
  organization={IEEE}
}
@inproceedings{baruah2006sustainable,
  title={Sustainable scheduling analysis},
  author={Baruah, Sanjoy and Burns, Alan},
  booktitle={Real-Time Systems Symposium, 2006. RTSS'06. 27th IEEE International},
  pages={159--168},
  year={2006},
  organization={IEEE}
}
@inproceedings{shin2008hierarchical,
  title={Hierarchical scheduling framework for virtual clustering of multiprocessors},
  author={Shin, Insik and Easwaran, Arvind and Lee, Insup},
  booktitle={Real-Time Systems, 2008. ECRTS'08. Euromicro Conference on},
  pages={181--190},
  year={2008},
  organization={IEEE}
}
@inproceedings{leyva2006predictable,
  title={Predictable interrupt management for real time kernels over conventional PC hardware},
  author={Leyva-del-Foyo, Luis E and Mejia-Alvarez, Pedro and de Niz, Dionisio},
  booktitle={Real-Time and Embedded Technology and Applications Symposium, 2006. Proceedings of the 12th IEEE},
  pages={14--23},
  year={2006},
  organization={IEEE}
}
@inproceedings{lehoczky1989rate,
  title={The rate monotonic scheduling algorithm: Exact characterization and average case behavior},
  author={Lehoczky, John and Sha, Lui and Ding, Ye},
  booktitle={Real Time Systems Symposium},
  pages={166--171},
  year={1989},
}
@article{kleiman1995interrupts,
  title={Interrupts as threads},
  author={Kleiman, Steve and Eykholt, Joe},
  journal={ACM SIGOPS Operating Systems Review},
  volume={29},
  number={2},
  pages={21--26},
  year={1995},
  publisher={ACM}
}
@article{real2004mode,
  title={Mode change protocols for real-time systems: A survey and a new proposal},
  author={Real, Jorge and Crespo, Alfons},
  journal={Real-time systems},
  volume={26},
  number={2},
  pages={161--197},
  year={2004},
  publisher={Springer}
}
@inproceedings{rajkumar2010cyber,
  title={Cyber-physical systems: the next computing revolution},
  author={Rajkumar, Ragunathan Raj and Lee, Insup and Sha, Lui and Stankovic, John},
  booktitle={Proceedings of the 47th Design Automation Conference},
  pages={731--736},
  year={2010},
  organization={ACM}
}
@article{cruz1991calculus,
  title={A calculus for network delay. I. Network elements in isolation},
  author={Cruz, Rene L},
  journal={Information Theory, IEEE Transactions on},
  volume={37},
  number={1},
  pages={114--131},
  year={1991},
  publisher={IEEE}
}
@article{bini2003rate,
  title={Rate monotonic analysis: the hyperbolic bound},
  author={Bini, Enrico and Buttazzo, Giorgio C and Buttazzo, Giuseppe M},
  journal={Computers, IEEE Transactions on},
  volume={52},
  number={7},
  pages={933--942},
  year={2003},
  publisher={IEEE}
}
@inproceedings{thiele2000real,
  title={Real-time calculus for scheduling hard real-time systems},
  author={Thiele, Lothar and Chakraborty, Samarjit and Naedele, Martin},
  booktitle={Circuits and Systems, 2000. Proceedings. ISCAS 2000 Geneva. The 2000 IEEE International Symposium on},
  volume={4},
  pages={101--104},
  year={2000},
  organization={IEEE}
}
@article{baker1975relativizations,
  title={Relativizations of the P=?NP question},
  author={Baker, Theodore and Gill, John and Solovay, Robert},
  journal={SIAM Journal on computing},
  volume={4},
  number={4},
  pages={431--442},
  year={1975},
  publisher={SIAM}
}
@book{karp1972reducibility,
  title={Reducibility among combinatorial problems},
  author={Karp, Richard M},
  year={1972},
  publisher={Springer}
}
@article{abdelzaher2004utilization,
  title={A utilization bound for aperiodic tasks and priority driven scheduling},
  author={Abdelzaher, Tarek F and Sharma, Vivek and Lu, Chenyang},
  journal={Computers, IEEE Transactions on},
  volume={53},
  number={3},
  pages={334--350},
  year={2004},
  publisher={IEEE}
}

@inproceedings{stigge2012hardness,
  title={Hardness Results for Static Priority Real-Time Scheduling},
  author={Stigge, Martin and Yi, Wang},
  booktitle={Real-Time Systems (ECRTS), 2012 24th Euromicro Conference on},
  pages={189--198},
  year={2012},
  organization={IEEE}
}
@inproceedings{stigge2013combinatorial,
  title={Combinatorial Abstraction Refinement for Feasibility Analysis},
  author={Stigge, Martin and Yi, Wang},
  booktitle={Real-Time Systems Symposium (RTSS), 2013 IEEE 34th},
  pages={340--349},
  year={2013},
  organization={IEEE}
}
@article{mok1983fundamental,
  title={Fundamental design problems of distributed systems for the hard-real-time environment},
  author={Mok, Aloysius K},
  year={1983},
  publisher={Massachusetts Institute of Technology}
}
@inproceedings{stoimenov2009reliable,
  title={Reliable mode changes in real-time systems with fixed priority or EDF scheduling},
  author={Stoimenov, Nikolay and Perathoner, Simon and Thiele, Lothar},
  booktitle={proceedings of the Conference on Design, Automation and Test in Europe},
  pages={99--104},
  year={2009},
  organization={European Design and Automation Association}
}
@article{audsley1993applying,
  title={Applying new scheduling theory to static priority pre-emptive scheduling},
  author={Audsley, Neil and Burns, Alan and Richardson, Mike and Tindell, Ken and Wellings, Andy J},
  journal={Software Engineering Journal},
  volume={8},
  number={5},
  pages={284--292},
  year={1993},
  publisher={IET}
}
@inproceedings{pedro1998schedulability,
  title={Schedulability analysis for mode changes in flexible real-time systems},
  author={Pedro, Paulo and Burns, Alan},
  booktitle={Real-Time Systems, 1998. Proceedings. 10th Euromicro Workshop on},
  pages={172--179},
  year={1998},
  organization={IEEE}
}
@inproceedings{davis2014schedulability,
  title={Schedulability tests for tasks with variable rate-dependent behaviour under fixed priority scheduling},
  author={Davis, Robert I and Feld, Timo and Pollex, Victor and Slomka, Frank},
  booktitle={Real-Time and Embedded Technology and Applications Symposium (RTAS), 2014 20th IEEE},
  year={2014}
}
@inproceedings{stigge2013combinatorial,
  title={Combinatorial Abstraction Refinement for Feasibility Analysis},
  author={Stigge, Martin and Yi, Wang},
  booktitle={Real-Time Systems Symposium (RTSS), 2013 IEEE 34th},
  pages={340--349},
  year={2013},
  organization={IEEE}
}
@inproceedings{pollex2013sufficient,
  title={Sufficient real-time analysis for an engine control unit},
  author={Pollex, Victor and Feld, Timo and Slomka, Frank and Margull, Ulrich and Mader, Ralph and Wirrer, Gerhard},
  booktitle={Proceedings of the 21st International conference on Real-Time Networks and Systems},
  pages={247--254},
  year={2013},
  organization={ACM}
}
@article{baruah1999generalized,
  title={Generalized multiframe tasks},
  author={Baruah, Sanjoy and Chen, Deji and Gorinsky, Sergey and Mok, Aloysius},
  journal={Real-Time Systems},
  volume={17},
  number={1},
  pages={5--22},
  year={1999},
  publisher={Springer}
}
@article{bini2005measuring,
  title={Measuring the performance of schedulability tests},
  author={Bini, Enrico and Buttazzo, Giorgio C},
  journal={Real-Time Systems},
  volume={30},
  number={1-2},
  pages={129--154},
  year={2005},
  publisher={Springer}
}

@book{silberschatz2009operating,
  title={Operating system concepts},
  author={Silberschatz, Abraham and Galvin, Peter B and Gagne, Greg},
  year={2009},
  publisher={J. Wiley \& Sons}
}
@inproceedings{bini2001hyperbolic,
  title={A hyperbolic bound for the rate monotonic algorithm},
  author={Bini, Enrico and Buttazzo, Giorgio},
  booktitle={Real-Time Systems, 13th Euromicro Conference on, 2001.},
  pages={59--66},
  year={2001},
  organization={IEEE}
}
@article{huang2011applying,
  title={Applying real-time interface and calculus for dynamic power management in hard real-time systems},
  author={Huang, Kai and Santinelli, Luca and Chen, Jian-Jia and Thiele, Lothar and Buttazzo, Giorgio C},
  journal={Real-Time Systems},
  volume={47},
  number={2},
  pages={163--193},
  year={2011},
  publisher={Springer}
}
@inproceedings{kim2012rhythmic,
  title={Rhythmic tasks: A new task model with continually varying periods for cyber-physical systems},
  author={Kim, Junsung and Lakshmanan, Karthik and Rajkumar, Ragunathan Raj},
  booktitle={Proceedings of the 2012 IEEE/ACM Third International Conference on Cyber-Physical Systems},
  pages={55--64},
  year={2012},
  organization={IEEE Computer Society}
}
@article{davis2008efficient,
  title={Efficient exact schedulability tests for fixed priority real-time systems},
  author={Davis, Robert I and Zabos, Attila and Burns, Alan},
  journal={Computers, IEEE Transactions on},
  volume={57},
  number={9},
  pages={1261--1276},
  year={2008},
  publisher={IEEE}
}
@inproceedings{lehoczky1989rate,
  title={The rate monotonic scheduling algorithm: Exact characterization and average case behavior},
  author={Lehoczky, John and Sha, Lui and Ding, Ye},
  booktitle={Real Time Systems Symposium},
  pages={166--171},
  year={1989},
}
@article{bini2003rate,
  title={Rate monotonic analysis: the hyperbolic bound},
  author={Bini, Enrico and Buttazzo, Giorgio C and Buttazzo, Giuseppe M},
  journal={Computers, IEEE Transactions on},
  volume={52},
  number={7},
  pages={933--942},
  year={2003},
  publisher={IEEE}
}
@book{buttazzo2011hard,
  title={Hard real-time computing systems: predictable scheduling algorithms and applications},
  author={Buttazzo, Giorgio C},
  volume={24},
  year={2011},
  publisher={Springer}
}
@book{martello1990knapsack,
  title={Knapsack problems: algorithms and computer implementations},
  author={Martello, Silvano and Toth, Paolo},
  year={1990},
  publisher={John Wiley \& Sons, Inc.}
}
