@article{DBLP:journals/rts/ChenC13,
  author    = {Jian-Jia Chen and
               Samarjit Chakraborty},
  title     = {Resource augmentation for uniprocessor and multiprocessor
               partitioned scheduling of sporadic real-time tasks},
  journal   = {Real-Time Systems},
  volume    = {49},
  number    = {4},
  year      = {2013},
  pages     = {475-516},
  ee        = {http://dx.doi.org/10.1007/s11241-013-9181-5},
  bibsource = {DBLP, http://dblp.uni-trier.de}
}

@inproceedings{KimRTSS2013,
  title={Segment-Fixed Priority Scheduling for Self-Suspending Real-Time Tasks},
  author={Kim, Junsung and Andersson, Bjorn and Niz, Dionisio de and Rajkumar, Ragunathan Raj},
  booktitle={Real-Time Systems Symposium (RTSS)},
  pages={246--257},
  year={2013},
}
@article{DBLP:journals/corr/abs-1501.07084,
  author    = {Jian{-}Jia Chen and
               Wen-Hung Huang and
               Cong Liu},
  title     = {{$k^2U$}: A General Framework from k-Point Effective Schedulability Analysis to Utilization-Based Tests},
  journal   = {CoRR},
  volume    = {abs/1501.07084},
  year      = {2015},
  url       = {http://arxiv.org/abs/1304.1590},
  timestamp = {Wed, 28 Jan 2015 12:38:20 GMT},
}
@inproceedings{baruah1990preemptively,
  title={Preemptively scheduling hard-real-time sporadic tasks on one processor},
  author={Baruah, Sanjoy K and Mok, Aloysius K and Rosier, Louis E},
  booktitle={Real-Time Systems Symposium, 1990. Proceedings., 11th},
  pages={182--190},
  year={1990},
  organization={IEEE}
}
@BOOK{LT01,
  title = {{Network Calculus: A Theory of Deterministic Queuing Systems for
    the Internet}},
  publisher = {Springer},
  year = {2001},
  author = {Le Boudec, J.Y. and Thiran, P.},
  owner = {nikolaysuser},
  timestamp = {2009.05.12}
}

@inproceedings{DBLP:conf/rtss/RidouardRC04,
  author    = {Fr{\'e}d{\'e}ric Ridouard and
               Pascal Richard and
               Francis Cottet},
  title     = {Negative Results for Scheduling Independent Hard Real-Time
               Tasks with Self-Suspensions},
  booktitle = {RTSS},
  year      = {2004},
  pages     = {47-56},
  ee        = {http://doi.ieeecomputersociety.org/10.1109/REAL.2004.35},
  crossref  = {DBLP:conf/rtss/2004},
  bibsource = {DBLP, http://dblp.uni-trier.de}
}

@ARTICLE{TCN00,
  author = {L. Thiele and S. Chakraborty and M. Naedele},
  title = {Real-time calculus for scheduling hard real-time systems},
  journal = {Circuits and Systems, 2000. Proceedings. ISCAS 2000 Geneva. The 2000
    IEEE International Symposium on},
  year = {2000},
  volume = {4},
  pages = {101--104},
  booktitle = {Proc. Intl. Symposium on Circuits and Systems},
  location = {Geneva, Switzerland}
}

@article{liu73scheduling,
    author = "C. L. Liu and James W. Layland",
    title = "Scheduling Algorithms for Multiprogramming in a Hard-Real-Time Environment",
    journal = "Journal of the ACM",
    volume = "20",
    number = "1",
    pages = "46-61",
    year = "1973"
}

@ARTICLE{WTVL06,
  author = {Ernesto Wandeler and Lothar Thiele and Marcel Verhoef and Paul Lieverse},
  title = {System Architecture Evaluation Using Modular Performance Analysis
    - A Case Study},
  journal = {Software Tools for Technology Transfer (STTT)},
  year = {2006},
  volume = {8},
  pages = {649 -- 667},
  number = {6},
  month = oct
}

@article{DBLP:journals/rts/SpruntSL89,
  author    = {Brinkley Sprunt and
               Lui Sha and
               John P. Lehoczky},
  title     = {Aperiodic Task Scheduling for Hard Real-Time Systems},
  journal   = {Real-Time Systems},
  volume    = {1},
  number    = {1},
  year      = {1989},
  pages     = {27-60},
  bibsource = {DBLP, http://dblp.uni-trier.de}
}


@article{DBLP:journals/tc/StrosniderLS95,
  author    = {Jay K. Strosnider and
               John P. Lehoczky and
               Lui Sha},
  title     = {The Deferrable Server Algorithm for Enhanced Aperiodic Responsiveness
               in Hard Real-Time Environments},
  journal   = {IEEE Trans. Computers},
  volume    = {44},
  number    = {1},
  year      = {1995},
  pages     = {73-91},
  bibsource = {DBLP, http://dblp.uni-trier.de}
}

@inproceedings{DBLP:conf/rtss/LehoczkySS87,
  author    = {John P. Lehoczky and
               Lui Sha and
               Jay K. Strosnider},
  title     = {Enhanced Aperiodic Responsiveness in Hard Real-Time Environments},
  booktitle = {IEEE Real-Time Systems Symposium},
  year      = {1987},
  pages     = {261-270},
  crossref  = {DBLP:conf/rtss/1987},
  bibsource = {DBLP, http://dblp.uni-trier.de}
}

@inproceedings{DBLP:conf/rtss/ShaLR86,
  author    = {Lui Sha and
               John P. Lehoczky and
               Ragunathan Rajkumar},
  title     = {Solutions for Some Practical Problems in Prioritized Preemptive
               Scheduling},
  booktitle = {IEEE Real-Time Systems Symposium},
  year      = {1986},
  pages     = {181-191},
  crossref  = {DBLP:conf/rtss/1986},
  bibsource = {DBLP, http://dblp.uni-trier.de}
}


@inproceedings{DBLP:conf/rtss/ButtazzoB06,
  author    = {Giorgio C. Buttazzo and
               Enrico Bini},
  title     = {Optimal Dimensioning of a Constant Bandwidth Server},
  booktitle = {RTSS},
  year      = {2006},
  pages     = {169-177},
  ee        = {http://doi.ieeecomputersociety.org/10.1109/RTSS.2006.31},
  crossref  = {DBLP:conf/rtss/2006},
  bibsource = {DBLP, http://dblp.uni-trier.de}
}

@article{DBLP:journals/rts/AbeniB04,
  author    = {Luca Abeni and
               Giorgio C. Buttazzo},
  title     = {Resource Reservation in Dynamic Real-Time Systems},
  journal   = {Real-Time Systems},
  volume    = {27},
  number    = {2},
  year      = {2004},
  pages     = {123-167},
  ee        = {http://dx.doi.org/10.1023/B:TIME.0000027934.77900.22},
  bibsource = {DBLP, http://dblp.uni-trier.de}
}

@inproceedings{DBLP:conf/rtss/AbeniB98,
  author    = {Luca Abeni and
               Giorgio C. Buttazzo},
  title     = {Integrating Multimedia Applications in Hard Real-Time Systems},
  booktitle = {IEEE Real-Time Systems Symposium},
  year      = {1998},
  pages     = {4-13},
  ee        = {http://dlib.computer.org/conferen/rtss/9212/pdf/92120004.pdf},
  bibsource = {DBLP, http://dblp.uni-trier.de}
}

@inproceedings{DBLP:conf/ecrts/AbdelzaherS03,
  author    = {Tarek F. Abdelzaher and
               Vivek Sharma},
  title     = {A Synthetic Utilization Bound for Aperiodic Tasks with Resource
               Requirements},
  booktitle = {ECRTS},
  year      = {2003},
  pages     = {141-150},
  ee        = {http://csdl.computer.org/comp/proceedings/ecrts/2003/1936/00/19360141abs.htm},
  crossref  = {DBLP:conf/ecrts/2003},
  bibsource = {DBLP, http://dblp.uni-trier.de}
}

@article{DBLP:journals/tc/AbdelzaherSL04,
  author    = {Tarek F. Abdelzaher and
               Vivek Sharma and
               Chenyang Lu},
  title     = {A Utilization Bound for Aperiodic Tasks and Priority Driven
               Scheduling},
  journal   = {IEEE Trans. Computers},
  volume    = {53},
  number    = {3},
  year      = {2004},
  pages     = {334-350},
  ee        = {http://csdl.computer.org/comp/trans/tc/2004/03/t0334abs.htm},
  bibsource = {DBLP, http://dblp.uni-trier.de}
}

@inproceedings{DBLP:conf/rtss/LehoczkySD89,
  author    = {John P. Lehoczky and
               Lui Sha and
               Y. Ding},
  title     = {The Rate Monotonic Scheduling Algorithm: Exact Characterization
               and Average Case Behavior},
  booktitle = {IEEE Real-Time Systems Symposium},
  year      = {1989},
  pages     = {166-171},
  bibsource = {DBLP, http://dblp.uni-trier.de}
}

@inproceedings{DBLP:conf/rtss/KuoM91,
  author    = {Tei-Wei Kuo and
               Aloysius K. Mok},
  title     = {Load Adjustment in Adaptive Real-Time Systems},
  booktitle = {IEEE Real-Time Systems Symposium},
  year      = {1991},
  pages     = {160-171},
  bibsource = {DBLP, http://dblp.uni-trier.de}
}

@inproceedings{DBLP:conf/rtss/LehoczkyR92,
  author    = {John P. Lehoczky and
               S. Ramos-Thuel},
  title     = {An optimal algorithm for scheduling soft-aperiodic tasks
               in fixed-priority preemptive systems},
  booktitle = {IEEE Real-Time Systems Symposium},
  year      = {1992},
  pages     = {110-123},
  ee        = {http://dx.doi.org/10.1109/REAL.1992.242671},
  bibsource = {DBLP, http://dblp.uni-trier.de}
}
@article{DBLP:journals/ipl/DavisB95,
  author    = {Robert I. Davis and
               Alan Burns},
  title     = {Optimal Priority Assignment for Aperiodic Tasks with Firm
               Deadlines in Fixed Priority Pre-Emptive Systems},
  journal   = {Inf. Process. Lett.},
  volume    = {53},
  number    = {5},
  year      = {1995},
  pages     = {249-254},
  ee        = {http://dx.doi.org/10.1016/0020-0190(94)00200-I},
  bibsource = {DBLP, http://dblp.uni-trier.de}
}

@inproceedings{DBLP:conf/rtss/ThuelL94,
  author    = {Sandra R. Thuel and
               John P. Lehoczky},
  title     = {Algorithms for Scheduling Hard Aperiodic Tasks in Fixed-Priority
               Systems Using Slack Stealing},
  booktitle = {IEEE Real-Time Systems Symposium},
  year      = {1994},
  pages     = {22-33},
  crossref  = {DBLP:conf/rtss/1994},
  bibsource = {DBLP, http://dblp.uni-trier.de}
}
@inproceedings{DBLP:conf/rtss/DavisB05,
  author    = {Robert I. Davis and
               Alan Burns},
  title     = {Hierarchical Fixed Priority Pre-Emptive Scheduling},
  booktitle = {RTSS},
  year      = {2005},
  pages     = {389-398},
  ee        = {http://doi.ieeecomputersociety.org/10.1109/RTSS.2005.25},
  crossref  = {DBLP:conf/rtss/2005},
  bibsource = {DBLP, http://dblp.uni-trier.de}
}

@inproceedings{DBLP:conf/rtss/DavisB06,
  author    = {Robert I. Davis and
               Alan Burns},
  title     = {Resource Sharing in Hierarchical Fixed Priority Pre-Emptive
               Systems},
  booktitle = {RTSS},
  year      = {2006},
  pages     = {257-270},
  ee        = {http://doi.ieeecomputersociety.org/10.1109/RTSS.2006.42},
  crossref  = {DBLP:conf/rtss/2006},
  bibsource = {DBLP, http://dblp.uni-trier.de}
}

@inproceedings{DBLP:conf/rtss/ZhangB07,
  author    = {Fengxiang Zhang and
               Alan Burns},
  title     = {Analysis of Hierarchical {EDF} Pre-emptive Scheduling},
  booktitle = {RTSS},
  year      = {2007},
  pages     = {423-434},
  ee        = {http://doi.ieeecomputersociety.org/10.1109/RTSS.2007.10},
  crossref  = {DBLP:conf/rtss/2007},
  bibsource = {DBLP, http://dblp.uni-trier.de}
}

@MISC{symtas,
     author  = {Symtavision},
     title   = {{SymTA/S Toolbox}},
     url     = {http://www.symtavision.com/symtas.html},
     howpublished = {http://www.symtavision.com/symtas.html},
 }

@inproceedings{DBLP:conf/rtss/SpuriB94,
  author    = {Marco Spuri and
               Giorgio C. Buttazzo},
  title     = {Efficient Aperiodic Service Under Earliest Deadline Scheduling},
  booktitle = {IEEE Real-Time Systems Symposium},
  year      = {1994},
  pages     = {2-11},
  crossref  = {DBLP:conf/rtss/1994},
  bibsource = {DBLP, http://dblp.uni-trier.de}
}
@article{DBLP:journals/rts/SpuriB96,
  author    = {Marco Spuri and
               Giorgio C. Buttazzo},
  title     = {Scheduling Aperiodic Tasks in Dynamic Priority Systems},
  journal   = {Real-Time Systems},
  volume    = {10},
  number    = {2},
  year      = {1996},
  pages     = {179-210},
  bibsource = {DBLP, http://dblp.uni-trier.de}
}


@inproceedings{LampkaPT09,
 author = {Lampka, Kai and Perathoner, Simon and Thiele, Lothar},
 title = {Analytic real-time analysis and timed automata: a hybrid method for analyzing embedded real-time systems},
 booktitle = {EMSOFT '09: Proceedings of the seventh ACM international conference on Embedded software},
 year = {2009},
 isbn = {978-1-60558-627-4},
 pages = {107--116},
 location = {Grenoble, France},
 doi = {http://doi.acm.org/10.1145/1629335.1629351},
 publisher = {ACM},
 address = {New York, NY, USA},
 }


@inproceedings{DBLP:conf/rtss/JeffayG99,
  author    = {Kevin Jeffay and
               Steve Goddard},
  title     = {A Theory of Rate-Based Execution},
  booktitle = {IEEE Real-Time Systems Symposium},
  year      = {1999},
  pages     = {304-314},
  ee        = {http://www.computer.org/proceedings/rtss/0475/04750304abs.htm},
  bibsource = {DBLP, http://dblp.uni-trier.de}
}

@inproceedings{DBLP:conf/emsoft/JeffayG01,
  author    = {Kevin Jeffay and
               Steve Goddard},
  title     = {Rate-Based Resource Allocation Models for Embedded Systems},
  booktitle = {EMSOFT},
  year      = {2001},
  pages     = {204-222},
  ee        = {http://link.springer.de/link/service/series/0558/bibs/2211/22110204.htm},
  crossref  = {DBLP:conf/emsoft/2001},
  bibsource = {DBLP, http://dblp.uni-trier.de}
}

@inproceedings{DBLP:conf/ecrts/SaewongRLK02,
  author    = {Saowanee Saewong and
               Ragunathan Rajkumar and
               John P. Lehoczky and
               Mark H. Klein},
  title     = {Analysis of Hierarchical Fixed-Priority Scheduling},
  booktitle = {ECRTS},
  year      = {2002},
  pages     = {173-181},
  ee        = {http://csdl.computer.org/comp/proceedings/ecrts/2002/1665/00/16650173abs.htm},
  crossref  = {DBLP:conf/ecrts/2002},
  bibsource = {DBLP, http://dblp.uni-trier.de}
}


@inproceedings{DBLP:conf/rtss/SaewongR05,
  author    = {Saowanee Saewong and
               Ragunathan Rajkumar},
  title     = {Multi-Granularity Resource Reservations},
  booktitle = {RTSS},
  year      = {2005},
  pages     = {143-153},
  ee        = {http://doi.ieeecomputersociety.org/10.1109/RTSS.2005.29},
  crossref  = {DBLP:conf/rtss/2005},
  bibsource = {DBLP, http://dblp.uni-trier.de}
}



@inproceedings{1779888,
 author = {Cuijpers, Pieter J. L. and Bril, Reinder J.},
 title = {Towards budgeting in real-time calculus: deferrable servers},
 booktitle = {FORMATS'07: Proceedings of the 5th international conference on Formal modeling and analysis of timed systems},
 year = {2007},
 isbn = {3-540-75453-9, 978-3-540-75453-4},
 pages = {98--113},
 location = {Salzburg, Austria},
 publisher = {Springer-Verlag},
 address = {Berlin, Heidelberg},
 }


@inproceedings{DBLP:conf/rtas/ZhuGD10,
  author    = {Haitao Zhu and
               Steve Goddard and
               Matthew B. Dwyer},
  title     = {Selecting Server Parameters for Predictable Runtime Monitoring},
  booktitle = {IEEE Real-Time and Embedded Technology and Applications
               Symposium},
  year      = {2010},
  pages     = {227-236},
  ee        = {http://doi.ieeecomputersociety.org/10.1109/RTAS.2010.18},
  crossref  = {DBLP:conf/rtas/2010},
  bibsource = {DBLP, http://dblp.uni-trier.de}
}


@inproceedings{DBLP:conf/date/ChakrabortyKT03,
  author    = {Samarjit Chakraborty and
               Simon K{\"u}nzli and
               Lothar Thiele},
  title     = {A General Framework for Analysing System Properties in Platform-Based
               Embedded System Designs},
  booktitle = {DATE},
  year      = {2003},
  pages     = {10190-10195},
  ee        = {http://csdl.computer.org/comp/proceedings/date/2003/1870/01/187010190abs.htm},
  crossref  = {DBLP:conf/date/2003},
  bibsource = {DBLP, http://dblp.uni-trier.de}
}



@inproceedings{DBLP:conf/soda/EisenbrandR10,
  author    = {Friedrich Eisenbrand and
               Thomas Rothvo{\ss}},
  title     = {{EDF}-schedulability of Synchronous Periodic Task Systems
               is co{NP}-hard},
  booktitle = {SODA},
  year      = {2010},
  pages     = {1029-1034},
  ee        = {http://www.siam.org/proceedings/soda/2010/SODA10_083_eisenbrandf.pdf},
  crossref  = {DBLP:conf/soda/2010},
  bibsource = {DBLP, http://dblp.uni-trier.de}
}


@techreport{Mok:1983:FDP:888951,
 author = {Mok, A. K.},
 title = {FUNDAMENTAL DESIGN PROBLEMS OF DISTRIBUTED SYSTEMS FOR THE HARD-REAL-TIME ENVIRONMENT},
 year = {1983},
 source = {http://www.ncstrl.org:8900/ncstrl/servlet/search?formname=detail\&id=oai%3Ancstrlh%3Amitai%3AMIT-LCS%2F%2FMIT%2FLCS%2FTR-297},
 publisher = {Massachusetts Institute of Technology},
 address = {Cambridge, MA, USA},
} 


@inproceedings{DBLP:conf/rtss/BaruahMR90,
  author    = {Sanjoy K. Baruah and
               Aloysius K. Mok and
               Louis E. Rosier},
  title     = {Preemptively Scheduling Hard-Real-Time Sporadic Tasks on
               One Processor},
  booktitle = {IEEE Real-Time Systems Symposium},
  year      = {1990},
  pages     = {182-190},
  bibsource = {DBLP, http://dblp.uni-trier.de}
}


@inproceedings{DBLP:conf/ecrts/FisherB05,
  author    = {Nathan Fisher and
               Sanjoy K. Baruah},
  title     = {A Fully Polynomial-Time Approximation Scheme for Feasibility
               Analysis in Static-Priority Systems with Arbitrary Relative
               Deadlines},
  booktitle = {ECRTS},
  year      = {2005},
  pages     = {117-126},
  ee        = {http://doi.ieeecomputersociety.org/10.1109/ECRTS.2005.1},
  crossref  = {DBLP:conf/ecrts/2005},
  bibsource = {DBLP, http://dblp.uni-trier.de}
}


@inproceedings{DBLP:conf/date/AlbersS05,
  author    = {Karsten Albers and
               Frank Slomka},
  title     = {Efficient Feasibility Analysis for Real-Time Systems with
               {EDF} Scheduling},
  booktitle = {DATE},
  year      = {2005},
  pages     = {492-497},
  ee        = {http://doi.ieeecomputersociety.org/10.1109/DATE.2005.128},
  crossref  = {DBLP:conf/date/2005},
  bibsource = {DBLP, http://dblp.uni-trier.de}
}


@inproceedings{DBLP:conf/ecrts/AlbersS04,
  author    = {Karsten Albers and
               Frank Slomka},
  title     = {An Event Stream Driven Approximation for the Analysis of
               Real-Time Systems},
  booktitle = {ECRTS},
  year      = {2004},
  pages     = {187-195},
  ee        = {http://doi.ieeecomputersociety.org/10.1109/ECRTS.2004.4},
  crossref  = {DBLP:conf/ecrts/2004},
  bibsource = {DBLP, http://dblp.uni-trier.de}
}


@inproceedings{DBLP:conf/rtss/ChakrabortyKT02,
  author    = {Samarjit Chakraborty and
               Simon K{\"u}nzli and
               Lothar Thiele},
  title     = {Approximate Schedulability Analysis},
  booktitle = {IEEE Real-Time Systems Symposium},
  year      = {2002},
  pages     = {159-168},
  ee        = {http://csdl.computer.org/comp/proceedings/rtss/2002/1851/00/18510159abs.htm},
  bibsource = {DBLP, http://dblp.uni-trier.de}
}


@article{DBLP:journals/csur/DavisB11,
  author    = {Robert I. Davis and
               Alan Burns},
  title     = {A survey of hard real-time scheduling for multiprocessor
               systems},
  journal   = {ACM Comput. Surv.},
  volume    = {43},
  number    = {4},
  year      = {2011},
  pages     = {35},
  ee        = {http://doi.acm.org/10.1145/1978802.1978814},
  bibsource = {DBLP, http://dblp.uni-trier.de}
}


@article{DBLP:journals/siamam/Graham69,
  author    = {Ronald L. Graham},
  title     = {Bounds on Multiprocessing Timing Anomalies},
  journal   = {SIAM Journal of Applied Mathematics},
  volume    = {17},
  number    = {2},
  year      = {1969},
  pages     = {416-429},
  bibsource = {DBLP, http://dblp.uni-trier.de}
}


@article{DBLP:journals/jacm/HochbaumS87,
  author    = {Dorit S. Hochbaum and
               David B. Shmoys},
  title     = {Using dual approximation algorithms for scheduling problems
               theoretical and practical results},
  journal   = {J. ACM},
  volume    = {34},
  number    = {1},
  year      = {1987},
  pages     = {144-162},
  ee        = {http://doi.acm.org/10.1145/7531.7535},
  bibsource = {DBLP, http://dblp.uni-trier.de}
}

@inproceedings{DBLP:conf/rtss/BaruahF05,
  author    = {Sanjoy K. Baruah and
               Nathan Fisher},
  title     = {The Partitioned Multiprocessor Scheduling of Sporadic Task
               Systems},
  booktitle = {RTSS},
  year      = {2005},
  pages     = {321-329},
  ee        = {http://doi.ieeecomputersociety.org/10.1109/RTSS.2005.40},
  crossref  = {DBLP:conf/rtss/2005},
  bibsource = {DBLP, http://dblp.uni-trier.de}
}


@inproceedings{Lakshmanan:2010:SPR:1935940.1936239,
 author = {Lakshmanan, Karthik and Kato, Shinpei and Rajkumar, Ragunathan (Raj)},
 title = {Scheduling Parallel Real-Time Tasks on Multi-core Processors},
 booktitle = {Proceedings of the 2010 31st IEEE Real-Time Systems Symposium},
 series = {RTSS '10},
 year = {2010},
 isbn = {978-0-7695-4298-0},
 pages = {259--268},
 numpages = {10},
} 



@article{DBLP:journals/tc/BaruahF06,
  author    = {Sanjoy K. Baruah and
               Nathan Fisher},
  title     = {The Partitioned Multiprocessor Scheduling of Deadline-Constrained
               Sporadic Task Systems},
  journal   = {IEEE Trans. Computers},
  volume    = {55},
  number    = {7},
  year      = {2006},
  pages     = {918-923},
  ee        = {http://doi.ieeecomputersociety.org/10.1109/TC.2006.113},
  bibsource = {DBLP, http://dblp.uni-trier.de}
}


@inproceedings{Fisher:2009:HPS:1678991.1679762,
 author = {Fisher, Nathan Wayne},
 title = {How Hard is Partitioning for the Sporadic Task Model?},
 booktitle = {Proceedings of the 2009 International Conference on Parallel Processing Workshops},
 series = {ICPPW '09},
 year = {2009},
 pages = {2--5},
 numpages = {4},
} 

@book{b:Gary79,
  author =   {M. R. Garey and D. S. Johnson},
  title =    {Computers and intractability: A guide to the theory
                  of NP-completeness},
  publisher =    {W. H. Freeman and Co.},
  year =     1979
}
@InProceedings{ Chakraborty2011a, title = "Resource Augmentation Bounds for Approximate Demand Bound Functions", booktitle = "IEEE Real-Time Systems Symposium", author = "Chen, Jian-Jia and Chakraborty, Samarjit", month = November, year = "2011", pages = {272 - 281},}


@article{DBLP:journals/combinatorica/VegaL81,
  author    = {Wenceslas Fernandez de la Vega and
               George S. Lueker},
  title     = {Bin packing can be solved within 1+epsilon in linear time},
  journal   = {Combinatorica},
  volume    = {1},
  number    = {4},
  year      = {1981},
  pages     = {349-355},
  ee        = {http://dx.doi.org/10.1007/BF02579456},
  bibsource = {DBLP, http://dblp.uni-trier.de}
}

@article{DBLP:journals/ipl/Woeginger97,
  author    = {Gerhard J. Woeginger},
  title     = {There is no Asymptotic PTAS for Two-Dimensional Vector Packing},
  journal   = {Inf. Process. Lett.},
  volume    = {64},
  number    = {6},
  year      = {1997},
  pages     = {293-297},
  ee        = {http://dx.doi.org/10.1016/S0020-0190(97)00179-8},
  bibsource = {DBLP, http://dblp.uni-trier.de}
}

@article{DBLP:journals/siamcomp/ChekuriK04,
  author    = {Chandra Chekuri and
               Sanjeev Khanna},
  title     = {On Multidimensional Packing Problems},
  journal   = {SIAM J. Comput.},
  volume    = {33},
  number    = {4},
  year      = {2004},
  pages     = {837-851},
  ee        = {http://dx.doi.org/10.1137/S0097539799356265},
  bibsource = {DBLP, http://dblp.uni-trier.de}
}


@inproceedings{Bastoni:2011:SSP:2056313.2056725,
 author = {Bastoni, Andrea and Brandenburg, Bjorn B. and Anderson, James H.},
 title = {Is Semi-Partitioned Scheduling Practical?},
 booktitle = {Proceedings of the 2011 23rd Euromicro Conference on Real-Time Systems},
 series = {ECRTS '11},
 year = {2011},
 pages = {125--135},
} 


@INPROCEEDINGS{BaruahRTSS2011,
author={Baruah, Sanjoy},
booktitle={Real-Time Systems Symposium (RTSS)},
title={The Partitioned {EDF} Scheduling of Sporadic Task Systems},
year={2011},
pages={116 -125},
ISSN={1052-8725},}


@book{b:Vijay,
  author =   {Vijay V. Vazirani},
  title =    {Approximation Algorithms},
  publisher =    {Springer},
  year =     2001
}


@inproceedings{DBLP:conf/soda/BonifaciCMM10,
  author    = {Vincenzo Bonifaci and
               Ho-Leung Chan and
               Alberto Marchetti-Spaccamela and
               Nicole Megow},
  title     = {Algorithms and Complexity for Periodic Real-Time Scheduling},
  booktitle = {SODA},
  year      = {2010},
  pages     = {1350-1359},
  ee        = {http://www.siam.org/proceedings/soda/2010/SODA10_109_bonifaciv.pdf},
  crossref  = {DBLP:conf/soda/2010},
  bibsource = {DBLP, http://dblp.uni-trier.de}
}




@article{TECS-PartitionMemoryConstraint,
 author = {Sanjoy Baruah},
 title = "Partitioning Sporadic Task Systems upon Memory-Constrained Multiprocessors",
 journal = {in ACM Transactions in Embedded Computing Systems},
 volume = {},
 issue = {},
 issn = {},
 pages = {},
 publisher = {},
 month = {},
 year = {},
}


@inproceedings{BonifaciWiesePTAS12,
  author    = {Vincenzo Bonifaci and Andreas Wiese},
  title     = {Scheduling Unrelated Machines  of Few Different Types},
  booktitle = {First Interdisciplinary Workshop on Algorithmic Challenges in Real-Time Systems},
  year      = {2012},
}


@inproceedings{DBLP:conf/ecrts/FisherBB06,
  author    = {Nathan Fisher and
               Sanjoy K. Baruah and
               Theodore P. Baker},
  title     = {The Partitioned Scheduling of Sporadic Tasks According to
               Static-Priorities},
  booktitle = {ECRTS},
  year      = {2006},
  pages     = {118-127},
  ee        = {http://doi.ieeecomputersociety.org/10.1109/ECRTS.2006.30},
  crossref  = {DBLP:conf/ecrts/2006},
  bibsource = {DBLP, http://dblp.uni-trier.de}
}


@inproceedings{DBLP:conf/esa/BonifaciMS08,
  author    = {Vincenzo Bonifaci and
               Alberto Marchetti-Spaccamela and
               Sebastian Stiller},
  title     = {A Constant-Approximate Feasibility Test for Multiprocessor
               Real-Time Scheduling},
  booktitle = {ESA},
  year      = {2008},
  pages     = {210-221},
  ee        = {http://dx.doi.org/10.1007/978-3-540-87744-8_18},
  crossref  = {DBLP:conf/esa/2008},
  bibsource = {DBLP, http://dblp.uni-trier.de}
}

@inproceedings{DBLP:conf/rtas/GuanSYY10,
  author    = {Nan Guan and
               Martin Stigge and
               Wang Yi and
               Ge Yu},
  title     = {Fixed-Priority Multiprocessor Scheduling with {Liu and Layland}'s
               Utilization Bound},
  booktitle = {IEEE Real-Time and Embedded Technology and Applications
               Symposium},
  year      = {2010},
  pages     = {165-174},
  ee        = {http://doi.ieeecomputersociety.org/10.1109/RTAS.2010.39},
  crossref  = {DBLP:conf/rtas/2010},
  bibsource = {DBLP, http://dblp.uni-trier.de}
}