@inproceedings{DBLP:conf/dac/LiuCTKD14,
  author    = {Wei Liu and
               Jian{-}Jia Chen and
               Anas Toma and
               Tei{-}Wei Kuo and
               Qingxu Deng},
  title     = {Computation Offloading by Using Timing Unreliable Components in Real-Time
               Systems},
  booktitle = {Design Automation Conference ({DAC})},
  year      = {2014},
 commetedpages     = {1--6},
}
@inproceedings{bletsas2005extended,
	title={Extended analysis with reduced pessimism for systems with limited parallelism},
	author={Bletsas, Konstantinos and Audsley, Neil C},
	booktitle={RTCSA},
	pages={525--531},
	year={2005},
}
@inproceedings{DBLP:conf/ecrts/AlbersS04,
  author    = {Karsten Albers and
               Frank Slomka},
  title     = {An Event Stream Driven Approximation for the Analysis of
               Real-Time Systems},
  booktitle = {ECRTS},
  year      = {2004},
  pages     = {187-195},
  ee        = {http://doi.ieeecomputersociety.org/10.1109/ECRTS.2004.4},
  crossref  = {DBLP:conf/ecrts/2004},
  bibsource = {DBLP, http://dblp.uni-trier.de}
}
@inproceedings{huangmutiseg,
  title={Schedulability and Priority Assignment for Multi-Segment Self-Suspending Real-Time Tasks under
Fixed-Priority Scheduling},
  author={Huang, Wen-Hung and Chen, Jian-Jia},
  organization={Submitted to RTNS15}
}
@inproceedings{takada1997schedulability,
  title={Schedulability of generalized multiframe task sets under static priority assignment},
  author={Takada, Hiroaki and Sakamura, Ken},
  booktitle={Real-Time Computing Systems and Applications, 1997. Proceedings., Fourth International Workshop on},
  pages={80--86},
  year={1997},
  organization={IEEE}
}
@article{baruah1999generalized,
  title={Generalized multiframe tasks},
  author={Baruah, Sanjoy and Chen, Deji and Gorinsky, Sergey and Mok, Aloysius},
  journal={Real-Time Systems},
  volume={17},
  number={1},
  pages={5--22},
  year={1999},
  publisher={Springer}
}
@inproceedings{DBLP:conf/rtss/BaruahMR90,
  author    = {Sanjoy K. Baruah and
               Aloysius K. Mok and
               Louis E. Rosier},
  title     = {Preemptively Scheduling Hard-Real-Time Sporadic Tasks on
               One Processor},
  booktitle = {IEEE Real-Time Systems Symposium},
  year      = {1990},
  pages     = {182-190},
  bibsource = {DBLP, http://dblp.uni-trier.de}
}
@inproceedings{kim1995real,
  title={Real-time scheduling of tasks that contain the external blocking intervals},
  author={Kim, In-Guk and Choi, Kyung-Hee and Park, Seung-Kyu and Kim, Dong-Yoon and Hong, Man-Pyo},
  booktitle={Real-Time Computing Systems and Applications, 1995. Proceedings., Second International Workshop on},
  pages={54--59},
  year={1995},
  organization={IEEE}
}
@inproceedings{palencia1998schedulability,
  title={Schedulability analysis for tasks with static and dynamic offsets},
  author={Palencia, Jos{\'e} Carlos and Gonzalez Harbour, Michael},
  booktitle={Real-Time Systems Symposium, 1998. Proceedings., The 19th IEEE},
  pages={26--37},
  year={1998},
  organization={IEEE}
}
@book{audsley1991optimal,
  title={Optimal priority assignment and feasibility of static priority tasks with arbitrary start times},
  author={Audsley, Neil C},
  year={1991},
  publisher={Citeseer}
}
@inproceedings{albers2004event,
  title={An event stream driven approximation for the analysis of real-time systems},
  author={Albers, Karsten and Slomka, Frank},
  booktitle={Real-Time Systems, 2004. ECRTS 2004. Proceedings. 16th Euromicro Conference on},
  pages={187--195},
  year={2004},
  organization={IEEE}
}
@inproceedings{chakraborty2002approximate,
  title={Approximate schedulability analysis},
  author={Chakraborty, Samarjit and Kunzli, Simon and Thiele, Lothar},
  booktitle={Real-Time Systems Symposium, 2002. RTSS 2002. 23rd IEEE},
  pages={159--168},
  year={2002},
  organization={IEEE}
}
@inproceedings{baker2003multiprocessor,
  title={Multiprocessor EDF and deadline monotonic schedulability analysis},
  author={Baker, Theodore P},
  booktitle={2013 IEEE 34th Real-Time Systems Symposium},
  pages={120--120},
  year={2003},
  organization={IEEE Computer Society}
}
@inproceedings{LiuChen:rtss2014,
 author = {C. Liu and J. Chen},
 title = {Bursty-Interference Analysis Techniques for Analyzing Complex Real-Time Task Models},
  booktitle={Real-Time Systems Symposium (RTSS)},
 	pages={173--183},
 	year={2014},
}

 @InProceedings{huangpass:dac2015,
 author = {Wen-Hung Hung and Jian-Jia Chen and Husheng Zhou and Cong Liu},
 title = {{PASS}: Priority Assignment of Real-Time Tasks with Dynamic
  Suspending Behavior under Fixed-Priority Scheduling},
 booktitle = {Design Automation Conference ({DAC})},
  year = 2015
 }
@inproceedings{liu2009task,
  title={Task scheduling with self-suspensions in soft real-time multiprocessor systems},
  author={Liu, Cong and Anderson, James H},
  booktitle={Real-Time Systems Symposium},
  pages={425--436},
  year={2009},
}
@article{mok1997multiframe,
	title={A multiframe model for real-time tasks},
	author={Mok, Aloysius K and Chen, Deji},
	journal={Software Engineering, IEEE Transactions on},
	volume={23},
	number={10},
	pages={635--645},
	year={1997},
	publisher={IEEE}
}
@inproceedings{liu2009supporting,
  title={Supporting Sporadic Pipelined Tasks with Early-Releasing in Soft Real-Time Multiprocessor Systems.},
  author={Liu, Cong and Anderson, James H},
  booktitle={RTCSA},
  pages={284--293},
  year={2009}
}

@book{liureal,
  title={Real-time systems. 2000},
  author={Liu, Jane WS},
  publisher={Prentice Hall}
}
@misc{image-recg,
  title={DeepBeliefSDK: The SDK for Jetpac iOS, Android, Linux, and OS X Deep Belief image recognition framework.},
  author={Jetpac Inc.},
  howpublished={https://github.com/jetpacapp/DeepBeliefSDK},
}
@TechReport{raravi2010calculating,
  title={Calculating an upper bound on the finishing time of a group of threads executing on a GPU: A preliminary case study},
  author={Raravi, Gurulingesh and Andersson, Bj{\"o}rn},
  year={2010},
  institution={IPP Hurray Research Group}
}
@inproceedings{gdev,
  title={Gdev: First-Class GPU Resource Management in the Operating System.},
  author={Kato, Shinpei and McThrow, Michael and Maltzahn, Carlos and Brandt, Scott A},
  booktitle={USENIX Annual Technical Conference},
  year={2012}
}
@article{audsley2001priority,
  title={On priority assignment in fixed priority scheduling},
  author={Audsley, Neil C},
  journal={Information Processing Letters},
  volume={79},
  number={1},
  pages={39--44},
  year={2001},
  publisher={Elsevier}
}
@inproceedings{chen2014fixed,
  title={Fixed-Relative-Deadline Scheduling of Hard Real-Time Tasks with Self-Suspensions},
  author={Chen, Jian-Jia and Liu, Cong},
  booktitle={Real-Time Systems Symposium (RTSS)},
  year={2014}
}
@article{joseph1986finding,
  title={Finding response times in a real-time system},
  author={Joseph, Mathai and Pandya, P},
  journal={The Computer Journal},
  volume={29},
  number={5},
  pages={390--395},
  year={1986},
  publisher={Br Computer Soc}
}
@article{audsley1993applying,
  title={Applying new scheduling theory to static priority pre-emptive scheduling},
  author={Audsley, Neil and Burns, Alan and Richardson, Mike and Tindell, Ken and Wellings, Andy J},
  journal={Software Engineering Journal},
  volume={8},
  number={5},
  pages={284--292},
  year={1993},
  publisher={IET}
}
@article{davis2011improved,
  title={Improved priority assignment for global fixed priority pre-emptive scheduling in multiprocessor real-time systems},
  author={Davis, Robert I and Burns, Alan},
  journal={Real-Time Systems},
  volume={47},
  number={1},
  pages={1--40},
  year={2011},
  publisher={Springer}
}
@inproceedings{kato2011rgem,
  title= "{RGEM: A responsive GPGPU execution model for runtime engines}",
  author={Kato, Shinpei and Lakshmanan, Karthik and Kumar, Aman and Kelkar, Mihir and Ishikawa, Yutaka and Rajkumar, Ragunathan},
  booktitle={Real-Time Systems Symposium (RTSS)},
  pages={57--66},
  year={2011},
}

@article{leung1982complexity,
  title={On the complexity of fixed-priority scheduling of periodic, real-time tasks},
  author={Leung, Joseph Y-T and Whitehead, Jennifer},
  journal={Performance evaluation},
  volume={2},
  number={4},
  pages={237--250},
  year={1982},
  publisher={Elsevier}
}
@inproceedings{lakshmanan2010scheduling,
  title={Scheduling self-suspending real-time tasks with rate-monotonic priorities},
  author={Lakshmanan, Karthik and Rajkumar, Ragunathan},
  booktitle={IEEE Real-Time and Embedded Technology and Applications Symposium (RTAS)},
  pages={3--12},
  year={2010},
}
@inproceedings{DBLP:conf/ecrts/TomaC13,
  author    = {Anas Toma and
               Jian-Jia Chen},
  title     = {Computation Offloading for Frame-Based Real-Time Tasks with
               Resource Reservation Servers},
  booktitle = {ECRTS},
  year      = {2013},
  pages     = {103-112},
  ee        = {http://dx.doi.org/10.1109/ECRTS.2013.21},
  crossref  = {DBLP:conf/ecrts/2013},
  bibsource = {DBLP, http://dblp.uni-trier.de}
}
@inproceedings{ecrts15nelissen,
  author    = {Geoffrey Nelissen, Jos√© Fonseca, Gurulingesh Raravi and Vincent Nelis},
  title     = {Timing Analysis of Fixed Priority Self-Suspending Sporadic Tasks },
  booktitle = {Euromicro Conference on Real-Time Systems (ECRTS)},
  year      = {2015},

}
@article{mok1983fundamental,
  title={Fundamental design problems of distributed systems for the hard-real-time environment},
  author={Mok, Aloysius K},
  year={1983},
  publisher={Massachusetts Institute of Technology}
}
@article{bini2005measuring,
  title={Measuring the performance of schedulability tests},
  author={Bini, Enrico and Buttazzo, Giorgio C},
  journal={Real-Time Systems},
  volume={30},
  number={1-2},
  pages={129--154},
  year={2005},
  publisher={Springer}
}
@article{davis2008efficient,
  title={Efficient exact schedulability tests for fixed priority real-time systems},
  author={Davis, Robert I and Zabos, Attila and Burns, Alan},
  journal={Computers, IEEE Transactions on},
  volume={57},
  number={9},
  pages={1261--1276},
  year={2008},
  publisher={IEEE}
}
@inproceedings{DBLP:conf/dac/LiuCTKD14,
  author    = {Wei Liu and
               Jian{-}Jia Chen and
               Anas Toma and
               Tei{-}Wei Kuo and
               Qingxu Deng},
  title     = {Computation Offloading by Using Timing Unreliable Components in Real-Time
               Systems},
  booktitle = {Design Automation Conference ({DAC})},
  year      = {2014},
 commetedpages     = {1--6},
}

 @InProceedings{ChenHL:rtas2015,
 author = {Jian-Jia Chen and Wen-Hung Hung and Cong Liu},
 title = {{k$^2$U}: A General Framework from $k$-Point Effective Schedulability Analysis to Utilization-Based Tests},
 booktitle = {submitted to RTAS 2015},
 }
 @article{liu1973scheduling,
  title={Scheduling algorithms for multiprogramming in a hard-real-time environment},
  author={Liu, Chung Laung and Layland, James W},
  journal={Journal of the ACM (JACM)},
  volume={20},
  number={1},
  pages={46--61},
  year={1973},
  publisher={ACM}
}
@inproceedings{liu2009task,
  title={Task scheduling with self-suspensions in soft real-time multiprocessor systems},
  author={Liu, Cong and Anderson, James H},
  booktitle={Real-Time Systems Symposium (RTSS)},
  pages={425--436},
  year={2009},
}
@article{DBLP:journals/rts/ChenC13,
  author    = {Jian-Jia Chen and
               Samarjit Chakraborty},
  title     = {Resource augmentation for uniprocessor and multiprocessor
               partitioned scheduling of sporadic real-time tasks},
  journal   = {Real-Time Systems},
  volume    = {49},
  number    = {4},
  year      = {2013},
  pages     = {475-516},
  ee        = {http://dx.doi.org/10.1007/s11241-013-9181-5},
  bibsource = {DBLP, http://dblp.uni-trier.de}
}

 @InProceedings{LA:rtss09,
 author = {C. Liu and J. Anderson},
 title = {Task Scheduling with Self-Suspensions in Soft Real-Time Multiprocessor Systems},
 booktitle = {Proceedings of the 30th Real-Time Systems Symposium},
 year = {2009},
 pages = {425-436},
 }
 
 @InProceedings{LA:rtas10,
 author = {C. Liu and J. Anderson},
 title = {Scheduling Suspendable, Pipelined Tasks with Non-Preemptive Sections in Soft Real-Time Multiprocessor Systems},
 booktitle = {Proceedings of the 16th IEEE Real-Time and Embedded Technology and Applications Symposium},
 year = {2010},
 pages = {23-32},
 }
 
 @InProceedings{LA:rtss12,
 author = {C. Liu and J. Anderson},
 title = "{An O(m) analysis technique for supporting real-time self-suspending task systems}",
 booktitle = {Proceedings of the 33th IEEE Real-Time Systems Symposium},
 year = {2012},
 pages = {373-382},
 }  

 @InProceedings{Kim:rtcsa95,
 author = {Kim,, I. and Choi,, K. and Park,, S. and Kim,, D. and Hong,, M.},
 title = {Real-time scheduling of tasks that contain the external blocking intervals},
 booktitle = {Proceedings of the 2nd International Workshop on Real-Time Computing Systems and Applications},
 year = {1995},
 pages = {54-59},
 }

@Article{PH:jec05,
 author = {J. C. Palencia and M. Gonzlez Harbour},
 title = "{Response time analysis of EDF distributed real-time systems}",
journal = {Journal of Embedded Computing},
year = {2005},
volume = {1},
number = {2},
pages = {225-237},
}

 @InProceedings{PH:rtss98,
 author = {J. C. Palencia and M. Gonzlez Harbour},
 title = {Schedulability analysis for tasks with static and dynamic offsets},
 booktitle = {Proceedings of the 19th IEEE Real-Time Systems Symposium},
 year = {1998},
 pages = {26-37},
 }
 
  @TechReport{Raj:suspension1991,
 author = {R. Rajkumar},
 title = "{Dealing with Suspending Periodic Tasks.}",
institution = {IBM T. J. Watson Research Center},
year = {1991},
}


 @TechReport{Tindell:nyu1994,
 author = {K. Tindell},
 title = {Adding time-offsets to schedulability analysis},
institution = {University of York},
year = {1994},
number = {221},
}

@InProceedings{LR:rtas10,
 author = {K. Lakshmanan and R. Rajkumar},
 title = {Scheduling Self-Suspending Real-Time Tasks with Rate-Monotonic Priorities	},
 booktitle = {Proceedings of the 16th IEEE Real-Time and Embedded Technology and Applications Symposium},
 year = {2010},
 pages = {3-12},
 }

@Book{Liu:book00,
author = {J. Liu},
title = {Real-Time Systems},
publisher = {Prentice Hall},
year = {2000},
}

@inproceedings{Kang:rtss07,
 author = {Kang,, W. and Son,, S. and Stankovic,, J. and Amirijoo,, M.},
 title = "{I/O-Aware Deadline Miss Ratio Management in Real-Time Embedded Databases}",
 booktitle = {Proc. of the 28th IEEE Real-Time Systems Symp. (RTSS)},
 year = {2007},
 pages = {277-287},
 }
 


@Article{EA:rts12,
 author = {G. Elliott and J. Anderson},
 title = "{Globally scheduled real-time multiprocessor systems with GPUs}",
journal = {Real-Time Systems},
year = {2012},
volume = {48},
number = {1},
pages = {37-74},
}

@inproceedings{CC:rtss11,
 author = {J. Chen and S. Chakraborty},
 title = "{Resource Augmentation Bounds for Approximate Demand Bound Functions}",
 booktitle = {Proc. of the 32nd IEEE Real-Time Systems Symp.},
 year = {2011},
 pages = {272-281},
 }
 
 @InProceedings{LA:rtcsa10,
 author = {C. Liu and J. Anderson},
 title = {Improving the Schedulability of Sporadic Self-Suspending Soft Real-Time Multiprocessor Task Systems},
 booktitle = {Proceedings of the 16th IEEE International Conference on Embedded and Real-Time Computing Systems and Applications},
 year = {2010},
 pages = {14-23},
 } 
@inproceedings{liu2014analysis,
  title={Analysis techniques for supporting harmonic real-time tasks with suspensions},
  author={Liu, Cong and Chen, Jian Jia and He, Liang and Gu, Yu},
  booktitle={Real-Time Systems (ECRTS), 2014 26th Euromicro Conference on},
  pages={201--210},
  year={2014},
  organization={IEEE}
}
  
 @inproceedings{Phillips:stoc97,
 author = {C. Phillips and C. Stein and E. Torng and J. Wein},
 title = "{Optimal time-critical scheduling via resource augmentation}",
 booktitle = {Proc. of the 29th ACM Symposium on Theory of Computing},
 year = {1997},
 pages = {140-149},
 }

 
@inproceedings{DBLP:conf/date/ChakrabortyKT03,
  author    = {Samarjit Chakraborty and
               Simon K{\"u}nzli and
               Lothar Thiele},
  title     = {A General Framework for Analysing System Properties in Platform-Based
               Embedded System Designs},
  booktitle = {DATE},
  year      = {2003},
  pages     = {10190-10195},
  ee        = {http://csdl.computer.org/comp/proceedings/date/2003/1870/01/187010190abs.htm},
  crossref  = {DBLP:conf/date/2003},
  bibsource = {DBLP, http://dblp.uni-trier.de}
}

 
 @inproceedings{BF:rtss05,
 author = {S. Baruah and N. Fisher},
 title = "{The Partitioned Multiprocessor Scheduling of Sporadic Task Systems}",
 booktitle = {Proc. of the 26th IEEE Real-Time Systems Symp.},
 year = {2005},
 pages = {321-329},
 }
@InProceedings{LA:ecrts13,
 author = {C. Liu and J. Anderson},
 title = {Suspension-Aware Analysis for Hard Real-Time Multiprocessor Scheduling},
 booktitle = {Proceedings of the 25th EuroMicro Conference on Real-Time Systems},
 year = {2013},
 pages = {271-281},
 } 
 
 
 @inproceedings{Liu:ecrts14,
  author	= {C. Liu and J. Chen and L. He and Y. Gu},
  title		= {Analysis Techniques for Supporting Harmonic Real-Time Tasks with Suspensions
},
  booktitle	= {Proceedings of the 26th Euromicro Conference on Real-Time Systems},
  year		= {2014},
  pages		= {},
  publisher	= {IEEE}
}
 
 @InProceedings{Kim:emsoft11,
 author = {H. Kim and M. Lee and W. Han and K. Lee and I. Shin},
 title = {Aciom: application characteristics-aware disk and network i/o management on android platform},
 booktitle = {Proceedings of the 11th International Conference on Embedded Software},
 year = {2011},
 pages = {49-58},
 } 







  